<record><leader>00000cas a2200000 a 4500</leader><controlfield tag="001">40539469</controlfield><controlfield tag="008">981223d18uu1uuumiuwr n       0    0eng c</controlfield><datafield ind1=" " ind2=" " tag="010"><subfield code="a">sn 98066984 </subfield></datafield><datafield ind1=" " ind2=" " tag="040"><subfield code="a">MHN</subfield><subfield code="b">eng</subfield><subfield code="c">MHN</subfield><subfield code="d">OCL</subfield><subfield code="d">OCLCQ</subfield><subfield code="d">OCLCF</subfield><subfield code="d">OCLCO</subfield></datafield><datafield ind1="1" ind2=" " tag="029"><subfield code="a">AU@</subfield><subfield code="b">000014498305</subfield></datafield><datafield ind1=" " ind2=" " tag="042"><subfield code="a">pcc</subfield></datafield><datafield ind1=" " ind2=" " tag="043"><subfield code="a">n-us-mi</subfield></datafield><datafield ind1="0" ind2="4" tag="245"><subfield code="a">The Le Roy independent.</subfield></datafield><datafield ind1="3" ind2=" " tag="246"><subfield code="a">Leroy independent</subfield></datafield><datafield ind1=" " ind2=" " tag="260"><subfield code="a">Le Roy, Osceola County, Mich. :</subfield><subfield code="b">R.H. Allen &amp; Co.</subfield></datafield><datafield ind1=" " ind2=" " tag="300"><subfield code="a">v.</subfield></datafield><datafield ind1=" " ind2=" " tag="310"><subfield code="a">Weekly</subfield></datafield><datafield ind1=" " ind2=" " tag="588"><subfield code="a">Description based on: Vol. 12, no. 41 (Aug. 21, 1896) = whole no. 862.</subfield></datafield><datafield ind1=" " ind2="0" tag="651"><subfield code="a">Le Roy (Mich.)</subfield><subfield code="v">Newspapers.</subfield></datafield><datafield ind1=" " ind2="0" tag="651"><subfield code="a">Osceola County (Mich.)</subfield><subfield code="v">Newspapers.</subfield></datafield><datafield ind1=" " ind2="7" tag="655"><subfield code="a">Newspapers.</subfield><subfield code="2">fast</subfield><subfield code="0">(OCoLC)fst01423814</subfield></datafield><datafield ind1=" " ind2="7" tag="651"><subfield code="a">Michigan</subfield><subfield code="z">Le Roy.</subfield><subfield code="2">fast</subfield><subfield code="0">(OCoLC)fst01879187</subfield></datafield><datafield ind1=" " ind2="7" tag="651"><subfield code="a">Michigan</subfield><subfield code="z">Osceola County.</subfield><subfield code="2">fast</subfield><subfield code="0">(OCoLC)fst01214749</subfield></datafield><datafield ind1=" " ind2=" " tag="752"><subfield code="a">United States</subfield><subfield code="b">Michigan</subfield><subfield code="c">Osceola</subfield><subfield code="d">Le Roy.</subfield></datafield></record>